<?xml version="1.0" encoding="UTF-8"?><collection xmlns="http://www.loc.gov/MARC21/slim"><record><leader>00376nam--2200145-i-4500</leader><controlfield tag="001">000015361</controlfield><controlfield tag="002">20161230</controlfield><controlfield tag="005">20170222174730</controlfield><controlfield tag="008">060222s1000------------r-----000-0-eng-d</controlfield><datafield ind1=" " ind2=" " tag="100"><subfield code="a">Cuculescu, I</subfield></datafield><datafield ind1=" " ind2=" " tag="245"><subfield code="a">Olimpiadele internationale de matematica</subfield></datafield><datafield ind1=" " ind2=" " tag="260"><subfield code="a">Bucuresti</subfield><subfield code="b">Editura Tehnica</subfield><subfield code="c">1984</subfield></datafield><datafield ind1=" " ind2=" " tag="300"><subfield code="a">352 p</subfield></datafield><datafield ind1=" " ind2=" " tag="852"><subfield code="a">51(076.1:079.1)</subfield></datafield><datafield ind1=" " ind2=" " tag="CAT"><subfield code="a">SYS</subfield><subfield code="c">20170222</subfield><subfield code="h">174730</subfield></datafield></record></collection>